@Manual{R-base,
  title = {R: A Language and Environment for Statistical Computing},
  author = {{R Core Team}},
  organization = {R Foundation for Statistical Computing},
  address = {Vienna, Austria},
  year = {2023},
  url = {https://www.R-project.org/},
}

@Manual{R-bookdown,
  title = {bookdown: Authoring Books and Technical Documents with R Markdown},
  author = {Yihui Xie},
  year = {2023},
  note = {https://github.com/rstudio/bookdown},
}

@Manual{R-dplyr,
  title = {dplyr: A Grammar of Data Manipulation},
  author = {Hadley Wickham and Romain François and Lionel Henry and Kirill Müller and Davis Vaughan},
  year = {2023},
  note = {R package version 1.1.2},
  url = {https://CRAN.R-project.org/package=dplyr},
}

@Manual{R-ggplot2,
  title = {ggplot2: Create Elegant Data Visualisations Using the Grammar of Graphics},
  author = {Hadley Wickham and Winston Chang and Lionel Henry and Thomas Lin Pedersen and Kohske Takahashi and Claus Wilke and Kara Woo and Hiroaki Yutani and Dewey Dunnington},
  year = {2023},
  note = {R package version 3.4.2},
  url = {https://CRAN.R-project.org/package=ggplot2},
}

@Manual{R-knitr,
  title = {knitr: A General-Purpose Package for Dynamic Report Generation in R},
  author = {Yihui Xie},
  year = {2023},
  note = {R package version 1.43},
  url = {https://yihui.org/knitr/},
}

@Manual{R-patchwork,
  title = {patchwork: The Composer of Plots},
  author = {Thomas Lin Pedersen},
  year = {2022},
  note = {R package version 1.1.2},
  url = {https://CRAN.R-project.org/package=patchwork},
}

@Manual{R-rmarkdown,
  title = {rmarkdown: Dynamic Documents for R},
  author = {JJ Allaire and Yihui Xie and Christophe Dervieux and Jonathan McPherson and Javier Luraschi and Kevin Ushey and Aron Atkins and Hadley Wickham and Joe Cheng and Winston Chang and Richard Iannone},
  year = {2023},
  note = {R package version 2.23},
  url = {https://CRAN.R-project.org/package=rmarkdown},
}

@Manual{R-Seurat,
  title = {Seurat: Tools for Single Cell Genomics},
  author = {Paul Hoffman},
  year = {2023},
  note = {R package version 4.3.0.1},
  url = {https://CRAN.R-project.org/package=Seurat},
}

@Manual{R-SeuratObject,
  title = {SeuratObject: Data Structures for Single Cell Data},
  author = {Rahul Satija and Andrew Butler and Paul Hoffman and Tim Stuart},
  year = {2022},
  note = {R package version 4.1.3},
  url = {https://CRAN.R-project.org/package=SeuratObject},
}

@Book{bookdown2016,
  title = {bookdown: Authoring Books and Technical Documents with {R} Markdown},
  author = {Yihui Xie},
  publisher = {Chapman and Hall/CRC},
  address = {Boca Raton, Florida},
  year = {2016},
  isbn = {978-1138700109},
  url = {https://bookdown.org/yihui/bookdown},
}

@Book{ggplot22016,
  author = {Hadley Wickham},
  title = {ggplot2: Elegant Graphics for Data Analysis},
  publisher = {Springer-Verlag New York},
  year = {2016},
  isbn = {978-3-319-24277-4},
  url = {https://ggplot2.tidyverse.org},
}

@Book{knitr2015,
  title = {Dynamic Documents with {R} and knitr},
  author = {Yihui Xie},
  publisher = {Chapman and Hall/CRC},
  address = {Boca Raton, Florida},
  year = {2015},
  edition = {2nd},
  note = {ISBN 978-1498716963},
  url = {https://yihui.org/knitr/},
}

@InCollection{knitr2014,
  booktitle = {Implementing Reproducible Computational Research},
  editor = {Victoria Stodden and Friedrich Leisch and Roger D. Peng},
  title = {knitr: A Comprehensive Tool for Reproducible Research in {R}},
  author = {Yihui Xie},
  publisher = {Chapman and Hall/CRC},
  year = {2014},
  note = {ISBN 978-1466561595},
}

@Book{rmarkdown2018,
  title = {R Markdown: The Definitive Guide},
  author = {Yihui Xie and J.J. Allaire and Garrett Grolemund},
  publisher = {Chapman and Hall/CRC},
  address = {Boca Raton, Florida},
  year = {2018},
  isbn = {9781138359338},
  url = {https://bookdown.org/yihui/rmarkdown},
}

@Book{rmarkdown2020,
  title = {R Markdown Cookbook},
  author = {Yihui Xie and Christophe Dervieux and Emily Riederer},
  publisher = {Chapman and Hall/CRC},
  address = {Boca Raton, Florida},
  year = {2020},
  isbn = {9780367563837},
  url = {https://bookdown.org/yihui/rmarkdown-cookbook},
}

@Article{Seurat2021,
  author = {Yuhan Hao and Stephanie Hao and Erica Andersen-Nissen and William M. Mauck III and Shiwei Zheng and Andrew Butler and Maddie J. Lee and Aaron J. Wilk and Charlotte Darby and Michael Zagar and Paul Hoffman and Marlon Stoeckius and Efthymia Papalexi and Eleni P. Mimitou and Jaison Jain and Avi Srivastava and Tim Stuart and Lamar B. Fleming and Bertrand Yeung and Angela J. Rogers and Juliana M. McElrath and Catherine A. Blish and Raphael Gottardo and Peter Smibert and Rahul Satija},
  title = {Integrated analysis of multimodal single-cell data},
  journal = {Cell},
  year = {2021},
  doi = {10.1016/j.cell.2021.04.048},
  url = {https://doi.org/10.1016/j.cell.2021.04.048},
}

@Article{Seurat2019,
  author = {Tim Stuart and Andrew Butler and Paul Hoffman and Christoph Hafemeister and Efthymia Papalexi and William M Mauck III and Yuhan Hao and Marlon Stoeckius and Peter Smibert and Rahul Satija},
  title = {Comprehensive Integration of Single-Cell Data},
  journal = {Cell},
  year = {2019},
  volume = {177},
  pages = {1888-1902},
  doi = {10.1016/j.cell.2019.05.031},
  url = {https://doi.org/10.1016/j.cell.2019.05.031},
}

@Article{Seurat2018,
  author = {Andrew Butler and Paul Hoffman and Peter Smibert and Efthymia Papalexi and Rahul Satija},
  title = {Integrating single-cell transcriptomic data across different conditions, technologies, and species},
  journal = {Nature Biotechnology},
  year = {2018},
  volume = {36},
  pages = {411-420},
  doi = {10.1038/nbt.4096},
  url = {https://doi.org/10.1038/nbt.4096},
}

@Article{Seurat2015,
  author = {Rahul Satija and Jeffrey A Farrell and David Gennert and Alexander F Schier and Aviv Regev},
  title = {Spatial reconstruction of single-cell gene expression data},
  journal = {Nature Biotechnology},
  year = {2015},
  volume = {33},
  pages = {495-502},
  doi = {10.1038/nbt.3192},
  url = {https://doi.org/10.1038/nbt.3192},
}

